%% This BibTeX bibliography file was created using BibDesk.
%% http://bibdesk.sourceforge.net/

%% Created for Gerardo Teruel at 2015-10-29 22:10:43 -0600 


%% Saved with string encoding Unicode (UTF-8) 



@misc{graphson,
	Author = {TinkerPop},
	Date-Added = {2015-10-30 04:10:08 +0000},
	Date-Modified = {2015-10-30 04:10:43 +0000},
	Howpublished = {Online},
	Month = {April},
	Title = {GraphSon Reader and Writer Library},
	Year = {2013}}

@misc{gdf,
	Author = {Unknown},
	Date-Added = {2015-10-30 04:08:32 +0000},
	Date-Modified = {2015-10-30 04:09:03 +0000},
	Howpublished = {Online},
	Title = {GDF Format}}

@url{gexf,
	Author = {Unknown},
	Date-Added = {2015-10-30 04:04:39 +0000},
	Date-Modified = {2015-10-30 04:07:52 +0000},
	Keywords = {Gexf },
	Title = {GEXF File Format}}

@electronic{gephi-tuto,
	Author = {Unknown},
	Date-Added = {2015-10-30 03:55:47 +0000},
	Date-Modified = {2015-10-30 04:00:07 +0000},
	Keywords = {gephi, tutorial, getting started, graph visualization},
	Lastchecked = {October, 2015},
	Title = {Gephi - Quick Start},
	Url = {http://gephi.github.io/users/quick-start/}}

@inbook{graphml-brandes,
	Chapter = {16: Graph Markup Language (GraphML)},
	Date-Added = {2015-10-29 20:43:52 +0000},
	Date-Modified = {2015-10-29 21:22:06 +0000},
	Editor = {Roberto Tamassia},
	Publisher = {CRC Press},
	Title = {Handbook of Graph Drawing and Visualization},
	Year = {2013}}
